%YAML 1.1
%TAG !u! tag:unity3d.com,2011:
--- !u!4 &8961668564382763649 stripped
Transform:
  m_CorrespondingSourceObject: {fileID: 8047030938212486863, guid: 46a91da65d18b954a8a12c6935519e68,
    type: 3}
  m_PrefabInstance: {fileID: 1437477402395149390}
  m_PrefabAsset: {fileID: 0}
--- !u!1001 &978921213483293100
PrefabInstance:
  m_ObjectHideFlags: 0
  m_Modification:
    m_TransformParent: {fileID: 8961668564382763649}
    m_Modifications:
    - target: {fileID: 7447270659875150540, guid: d3b76fd51c22be244aa62e18633f06f3,
        type: 3}
      propertyPath: m_LocalPosition.x
      value: -1.5
      objectReference: {fileID: 0}
    - target: {fileID: 7447270659875150540, guid: d3b76fd51c22be244aa62e18633f06f3,
        type: 3}
      propertyPath: m_LocalPosition.y
      value: -0.5
      objectReference: {fileID: 0}
    - target: {fileID: 7447270659875150540, guid: d3b76fd51c22be244aa62e18633f06f3,
        type: 3}
      propertyPath: m_LocalPosition.z
      value: 0
      objectReference: {fileID: 0}
    - target: {fileID: 7447270659875150540, guid: d3b76fd51c22be244aa62e18633f06f3,
        type: 3}
      propertyPath: m_LocalRotation.x
      value: -0
      objectReference: {fileID: 0}
    - target: {fileID: 7447270659875150540, guid: d3b76fd51c22be244aa62e18633f06f3,
        type: 3}
      propertyPath: m_LocalRotation.y
      value: -0
      objectReference: {fileID: 0}
    - target: {fileID: 7447270659875150540, guid: d3b76fd51c22be244aa62e18633f06f3,
        type: 3}
      propertyPath: m_LocalRotation.z
      value: 0.7071068
      objectReference: {fileID: 0}
    - target: {fileID: 7447270659875150540, guid: d3b76fd51c22be244aa62e18633f06f3,
        type: 3}
      propertyPath: m_LocalRotation.w
      value: 0.7071068
      objectReference: {fileID: 0}
    - target: {fileID: 7447270659875150540, guid: d3b76fd51c22be244aa62e18633f06f3,
        type: 3}
      propertyPath: m_RootOrder
      value: 0
      objectReference: {fileID: 0}
    - target: {fileID: 7447270659875150540, guid: d3b76fd51c22be244aa62e18633f06f3,
        type: 3}
      propertyPath: m_LocalEulerAnglesHint.x
      value: 0
      objectReference: {fileID: 0}
    - target: {fileID: 7447270659875150540, guid: d3b76fd51c22be244aa62e18633f06f3,
        type: 3}
      propertyPath: m_LocalEulerAnglesHint.y
      value: 0
      objectReference: {fileID: 0}
    - target: {fileID: 7447270659875150540, guid: d3b76fd51c22be244aa62e18633f06f3,
        type: 3}
      propertyPath: m_LocalEulerAnglesHint.z
      value: 0
      objectReference: {fileID: 0}
    - target: {fileID: 5203207158948907475, guid: d3b76fd51c22be244aa62e18633f06f3,
        type: 3}
      propertyPath: m_Name
      value: CargoPiece
      objectReference: {fileID: 0}
    - target: {fileID: 519822908307609616, guid: d3b76fd51c22be244aa62e18633f06f3,
        type: 3}
      propertyPath: m_SpriteTilingProperty.pivot.x
      value: 0.5
      objectReference: {fileID: 0}
    - target: {fileID: 519822908307609616, guid: d3b76fd51c22be244aa62e18633f06f3,
        type: 3}
      propertyPath: m_SpriteTilingProperty.pivot.y
      value: 0.5
      objectReference: {fileID: 0}
    - target: {fileID: 519822908307609616, guid: d3b76fd51c22be244aa62e18633f06f3,
        type: 3}
      propertyPath: m_SpriteTilingProperty.oldSize.x
      value: 1
      objectReference: {fileID: 0}
    - target: {fileID: 519822908307609616, guid: d3b76fd51c22be244aa62e18633f06f3,
        type: 3}
      propertyPath: m_SpriteTilingProperty.oldSize.y
      value: 1
      objectReference: {fileID: 0}
    - target: {fileID: 519822908307609616, guid: d3b76fd51c22be244aa62e18633f06f3,
        type: 3}
      propertyPath: m_SpriteTilingProperty.newSize.x
      value: 1
      objectReference: {fileID: 0}
    - target: {fileID: 519822908307609616, guid: d3b76fd51c22be244aa62e18633f06f3,
        type: 3}
      propertyPath: m_SpriteTilingProperty.newSize.y
      value: 1
      objectReference: {fileID: 0}
    - target: {fileID: 519822908307609616, guid: d3b76fd51c22be244aa62e18633f06f3,
        type: 3}
      propertyPath: m_SpriteTilingProperty.adaptiveTilingThreshold
      value: 0.5
      objectReference: {fileID: 0}
    - target: {fileID: 8244454415474032096, guid: d3b76fd51c22be244aa62e18633f06f3,
        type: 3}
      propertyPath: m_Sprite
      value: 
      objectReference: {fileID: 21300004, guid: cf4a765cc32b7284785d0227c5cf9dbc,
        type: 3}
    - target: {fileID: 8244454415474032096, guid: d3b76fd51c22be244aa62e18633f06f3,
        type: 3}
      propertyPath: m_WasSpriteAssigned
      value: 1
      objectReference: {fileID: 0}
    m_RemovedComponents: []
  m_SourcePrefab: {fileID: 100100000, guid: d3b76fd51c22be244aa62e18633f06f3, type: 3}
--- !u!1001 &1437477402395149390
PrefabInstance:
  m_ObjectHideFlags: 0
  m_Modification:
    m_TransformParent: {fileID: 0}
    m_Modifications:
    - target: {fileID: 8047030938212486863, guid: 46a91da65d18b954a8a12c6935519e68,
        type: 3}
      propertyPath: m_LocalPosition.x
      value: 0
      objectReference: {fileID: 0}
    - target: {fileID: 8047030938212486863, guid: 46a91da65d18b954a8a12c6935519e68,
        type: 3}
      propertyPath: m_LocalPosition.y
      value: 0
      objectReference: {fileID: 0}
    - target: {fileID: 8047030938212486863, guid: 46a91da65d18b954a8a12c6935519e68,
        type: 3}
      propertyPath: m_LocalPosition.z
      value: 0
      objectReference: {fileID: 0}
    - target: {fileID: 8047030938212486863, guid: 46a91da65d18b954a8a12c6935519e68,
        type: 3}
      propertyPath: m_LocalRotation.x
      value: 0
      objectReference: {fileID: 0}
    - target: {fileID: 8047030938212486863, guid: 46a91da65d18b954a8a12c6935519e68,
        type: 3}
      propertyPath: m_LocalRotation.y
      value: 0
      objectReference: {fileID: 0}
    - target: {fileID: 8047030938212486863, guid: 46a91da65d18b954a8a12c6935519e68,
        type: 3}
      propertyPath: m_LocalRotation.z
      value: 0
      objectReference: {fileID: 0}
    - target: {fileID: 8047030938212486863, guid: 46a91da65d18b954a8a12c6935519e68,
        type: 3}
      propertyPath: m_LocalRotation.w
      value: 1
      objectReference: {fileID: 0}
    - target: {fileID: 8047030938212486863, guid: 46a91da65d18b954a8a12c6935519e68,
        type: 3}
      propertyPath: m_RootOrder
      value: 0
      objectReference: {fileID: 0}
    - target: {fileID: 8047030938212486863, guid: 46a91da65d18b954a8a12c6935519e68,
        type: 3}
      propertyPath: m_LocalEulerAnglesHint.x
      value: 0
      objectReference: {fileID: 0}
    - target: {fileID: 8047030938212486863, guid: 46a91da65d18b954a8a12c6935519e68,
        type: 3}
      propertyPath: m_LocalEulerAnglesHint.y
      value: 0
      objectReference: {fileID: 0}
    - target: {fileID: 8047030938212486863, guid: 46a91da65d18b954a8a12c6935519e68,
        type: 3}
      propertyPath: m_LocalEulerAnglesHint.z
      value: 0
      objectReference: {fileID: 0}
    - target: {fileID: 7402900929888158549, guid: 46a91da65d18b954a8a12c6935519e68,
        type: 3}
      propertyPath: m_Name
      value: CargoObject
      objectReference: {fileID: 0}
    - target: {fileID: 5768184160618397998, guid: 46a91da65d18b954a8a12c6935519e68,
        type: 3}
      propertyPath: m_amount
      value: 45
      objectReference: {fileID: 0}
    m_RemovedComponents: []
  m_SourcePrefab: {fileID: 100100000, guid: 46a91da65d18b954a8a12c6935519e68, type: 3}
--- !u!1001 &4354216277732256257
PrefabInstance:
  m_ObjectHideFlags: 0
  m_Modification:
    m_TransformParent: {fileID: 8961668564382763649}
    m_Modifications:
    - target: {fileID: 7447270659875150540, guid: d3b76fd51c22be244aa62e18633f06f3,
        type: 3}
      propertyPath: m_LocalPosition.x
      value: -0.5
      objectReference: {fileID: 0}
    - target: {fileID: 7447270659875150540, guid: d3b76fd51c22be244aa62e18633f06f3,
        type: 3}
      propertyPath: m_LocalPosition.y
      value: -2.5
      objectReference: {fileID: 0}
    - target: {fileID: 7447270659875150540, guid: d3b76fd51c22be244aa62e18633f06f3,
        type: 3}
      propertyPath: m_LocalPosition.z
      value: 0
      objectReference: {fileID: 0}
    - target: {fileID: 7447270659875150540, guid: d3b76fd51c22be244aa62e18633f06f3,
        type: 3}
      propertyPath: m_LocalRotation.x
      value: -0
      objectReference: {fileID: 0}
    - target: {fileID: 7447270659875150540, guid: d3b76fd51c22be244aa62e18633f06f3,
        type: 3}
      propertyPath: m_LocalRotation.y
      value: -0
      objectReference: {fileID: 0}
    - target: {fileID: 7447270659875150540, guid: d3b76fd51c22be244aa62e18633f06f3,
        type: 3}
      propertyPath: m_LocalRotation.z
      value: -0
      objectReference: {fileID: 0}
    - target: {fileID: 7447270659875150540, guid: d3b76fd51c22be244aa62e18633f06f3,
        type: 3}
      propertyPath: m_LocalRotation.w
      value: 1
      objectReference: {fileID: 0}
    - target: {fileID: 7447270659875150540, guid: d3b76fd51c22be244aa62e18633f06f3,
        type: 3}
      propertyPath: m_RootOrder
      value: 3
      objectReference: {fileID: 0}
    - target: {fileID: 7447270659875150540, guid: d3b76fd51c22be244aa62e18633f06f3,
        type: 3}
      propertyPath: m_LocalEulerAnglesHint.x
      value: 0
      objectReference: {fileID: 0}
    - target: {fileID: 7447270659875150540, guid: d3b76fd51c22be244aa62e18633f06f3,
        type: 3}
      propertyPath: m_LocalEulerAnglesHint.y
      value: 0
      objectReference: {fileID: 0}
    - target: {fileID: 7447270659875150540, guid: d3b76fd51c22be244aa62e18633f06f3,
        type: 3}
      propertyPath: m_LocalEulerAnglesHint.z
      value: 0
      objectReference: {fileID: 0}
    - target: {fileID: 5203207158948907475, guid: d3b76fd51c22be244aa62e18633f06f3,
        type: 3}
      propertyPath: m_Name
      value: CargoPiece
      objectReference: {fileID: 0}
    - target: {fileID: 8244454415474032096, guid: d3b76fd51c22be244aa62e18633f06f3,
        type: 3}
      propertyPath: m_Sprite
      value: 
      objectReference: {fileID: 21300002, guid: cf4a765cc32b7284785d0227c5cf9dbc,
        type: 3}
    - target: {fileID: 8244454415474032096, guid: d3b76fd51c22be244aa62e18633f06f3,
        type: 3}
      propertyPath: m_WasSpriteAssigned
      value: 1
      objectReference: {fileID: 0}
    - target: {fileID: 519822908307609616, guid: d3b76fd51c22be244aa62e18633f06f3,
        type: 3}
      propertyPath: m_SpriteTilingProperty.pivot.x
      value: 0.5
      objectReference: {fileID: 0}
    - target: {fileID: 519822908307609616, guid: d3b76fd51c22be244aa62e18633f06f3,
        type: 3}
      propertyPath: m_SpriteTilingProperty.pivot.y
      value: 0.5
      objectReference: {fileID: 0}
    - target: {fileID: 519822908307609616, guid: d3b76fd51c22be244aa62e18633f06f3,
        type: 3}
      propertyPath: m_SpriteTilingProperty.oldSize.x
      value: 1
      objectReference: {fileID: 0}
    - target: {fileID: 519822908307609616, guid: d3b76fd51c22be244aa62e18633f06f3,
        type: 3}
      propertyPath: m_SpriteTilingProperty.oldSize.y
      value: 1
      objectReference: {fileID: 0}
    - target: {fileID: 519822908307609616, guid: d3b76fd51c22be244aa62e18633f06f3,
        type: 3}
      propertyPath: m_SpriteTilingProperty.newSize.x
      value: 1
      objectReference: {fileID: 0}
    - target: {fileID: 519822908307609616, guid: d3b76fd51c22be244aa62e18633f06f3,
        type: 3}
      propertyPath: m_SpriteTilingProperty.newSize.y
      value: 1
      objectReference: {fileID: 0}
    - target: {fileID: 519822908307609616, guid: d3b76fd51c22be244aa62e18633f06f3,
        type: 3}
      propertyPath: m_SpriteTilingProperty.adaptiveTilingThreshold
      value: 0.5
      objectReference: {fileID: 0}
    m_RemovedComponents: []
  m_SourcePrefab: {fileID: 100100000, guid: d3b76fd51c22be244aa62e18633f06f3, type: 3}
--- !u!1001 &4679692189614405677
PrefabInstance:
  m_ObjectHideFlags: 0
  m_Modification:
    m_TransformParent: {fileID: 8961668564382763649}
    m_Modifications:
    - target: {fileID: 7447270659875150540, guid: d3b76fd51c22be244aa62e18633f06f3,
        type: 3}
      propertyPath: m_LocalPosition.x
      value: 0.5
      objectReference: {fileID: 0}
    - target: {fileID: 7447270659875150540, guid: d3b76fd51c22be244aa62e18633f06f3,
        type: 3}
      propertyPath: m_LocalPosition.y
      value: 1.5
      objectReference: {fileID: 0}
    - target: {fileID: 7447270659875150540, guid: d3b76fd51c22be244aa62e18633f06f3,
        type: 3}
      propertyPath: m_LocalPosition.z
      value: 0
      objectReference: {fileID: 0}
    - target: {fileID: 7447270659875150540, guid: d3b76fd51c22be244aa62e18633f06f3,
        type: 3}
      propertyPath: m_LocalRotation.x
      value: -0
      objectReference: {fileID: 0}
    - target: {fileID: 7447270659875150540, guid: d3b76fd51c22be244aa62e18633f06f3,
        type: 3}
      propertyPath: m_LocalRotation.y
      value: -0
      objectReference: {fileID: 0}
    - target: {fileID: 7447270659875150540, guid: d3b76fd51c22be244aa62e18633f06f3,
        type: 3}
      propertyPath: m_LocalRotation.z
      value: 1
      objectReference: {fileID: 0}
    - target: {fileID: 7447270659875150540, guid: d3b76fd51c22be244aa62e18633f06f3,
        type: 3}
      propertyPath: m_LocalRotation.w
      value: 0
      objectReference: {fileID: 0}
    - target: {fileID: 7447270659875150540, guid: d3b76fd51c22be244aa62e18633f06f3,
        type: 3}
      propertyPath: m_RootOrder
      value: 8
      objectReference: {fileID: 0}
    - target: {fileID: 7447270659875150540, guid: d3b76fd51c22be244aa62e18633f06f3,
        type: 3}
      propertyPath: m_LocalEulerAnglesHint.x
      value: 0
      objectReference: {fileID: 0}
    - target: {fileID: 7447270659875150540, guid: d3b76fd51c22be244aa62e18633f06f3,
        type: 3}
      propertyPath: m_LocalEulerAnglesHint.y
      value: 0
      objectReference: {fileID: 0}
    - target: {fileID: 7447270659875150540, guid: d3b76fd51c22be244aa62e18633f06f3,
        type: 3}
      propertyPath: m_LocalEulerAnglesHint.z
      value: 0
      objectReference: {fileID: 0}
    - target: {fileID: 5203207158948907475, guid: d3b76fd51c22be244aa62e18633f06f3,
        type: 3}
      propertyPath: m_Name
      value: CargoPiece
      objectReference: {fileID: 0}
    - target: {fileID: 8244454415474032096, guid: d3b76fd51c22be244aa62e18633f06f3,
        type: 3}
      propertyPath: m_Sprite
      value: 
      objectReference: {fileID: 21300002, guid: cf4a765cc32b7284785d0227c5cf9dbc,
        type: 3}
    - target: {fileID: 8244454415474032096, guid: d3b76fd51c22be244aa62e18633f06f3,
        type: 3}
      propertyPath: m_WasSpriteAssigned
      value: 1
      objectReference: {fileID: 0}
    - target: {fileID: 519822908307609616, guid: d3b76fd51c22be244aa62e18633f06f3,
        type: 3}
      propertyPath: m_SpriteTilingProperty.pivot.x
      value: 0.5
      objectReference: {fileID: 0}
    - target: {fileID: 519822908307609616, guid: d3b76fd51c22be244aa62e18633f06f3,
        type: 3}
      propertyPath: m_SpriteTilingProperty.pivot.y
      value: 0.5
      objectReference: {fileID: 0}
    - target: {fileID: 519822908307609616, guid: d3b76fd51c22be244aa62e18633f06f3,
        type: 3}
      propertyPath: m_SpriteTilingProperty.oldSize.x
      value: 1
      objectReference: {fileID: 0}
    - target: {fileID: 519822908307609616, guid: d3b76fd51c22be244aa62e18633f06f3,
        type: 3}
      propertyPath: m_SpriteTilingProperty.oldSize.y
      value: 1
      objectReference: {fileID: 0}
    - target: {fileID: 519822908307609616, guid: d3b76fd51c22be244aa62e18633f06f3,
        type: 3}
      propertyPath: m_SpriteTilingProperty.newSize.x
      value: 1
      objectReference: {fileID: 0}
    - target: {fileID: 519822908307609616, guid: d3b76fd51c22be244aa62e18633f06f3,
        type: 3}
      propertyPath: m_SpriteTilingProperty.newSize.y
      value: 1
      objectReference: {fileID: 0}
    - target: {fileID: 519822908307609616, guid: d3b76fd51c22be244aa62e18633f06f3,
        type: 3}
      propertyPath: m_SpriteTilingProperty.adaptiveTilingThreshold
      value: 0.5
      objectReference: {fileID: 0}
    m_RemovedComponents: []
  m_SourcePrefab: {fileID: 100100000, guid: d3b76fd51c22be244aa62e18633f06f3, type: 3}
--- !u!1001 &4816106618341439784
PrefabInstance:
  m_ObjectHideFlags: 0
  m_Modification:
    m_TransformParent: {fileID: 8961668564382763649}
    m_Modifications:
    - target: {fileID: 7447270659875150540, guid: d3b76fd51c22be244aa62e18633f06f3,
        type: 3}
      propertyPath: m_LocalPosition.x
      value: -1.5
      objectReference: {fileID: 0}
    - target: {fileID: 7447270659875150540, guid: d3b76fd51c22be244aa62e18633f06f3,
        type: 3}
      propertyPath: m_LocalPosition.y
      value: 0.5
      objectReference: {fileID: 0}
    - target: {fileID: 7447270659875150540, guid: d3b76fd51c22be244aa62e18633f06f3,
        type: 3}
      propertyPath: m_LocalPosition.z
      value: 0
      objectReference: {fileID: 0}
    - target: {fileID: 7447270659875150540, guid: d3b76fd51c22be244aa62e18633f06f3,
        type: 3}
      propertyPath: m_LocalRotation.x
      value: -0
      objectReference: {fileID: 0}
    - target: {fileID: 7447270659875150540, guid: d3b76fd51c22be244aa62e18633f06f3,
        type: 3}
      propertyPath: m_LocalRotation.y
      value: -0
      objectReference: {fileID: 0}
    - target: {fileID: 7447270659875150540, guid: d3b76fd51c22be244aa62e18633f06f3,
        type: 3}
      propertyPath: m_LocalRotation.z
      value: -0
      objectReference: {fileID: 0}
    - target: {fileID: 7447270659875150540, guid: d3b76fd51c22be244aa62e18633f06f3,
        type: 3}
      propertyPath: m_LocalRotation.w
      value: 1
      objectReference: {fileID: 0}
    - target: {fileID: 7447270659875150540, guid: d3b76fd51c22be244aa62e18633f06f3,
        type: 3}
      propertyPath: m_RootOrder
      value: 1
      objectReference: {fileID: 0}
    - target: {fileID: 7447270659875150540, guid: d3b76fd51c22be244aa62e18633f06f3,
        type: 3}
      propertyPath: m_LocalEulerAnglesHint.x
      value: 0
      objectReference: {fileID: 0}
    - target: {fileID: 7447270659875150540, guid: d3b76fd51c22be244aa62e18633f06f3,
        type: 3}
      propertyPath: m_LocalEulerAnglesHint.y
      value: 0
      objectReference: {fileID: 0}
    - target: {fileID: 7447270659875150540, guid: d3b76fd51c22be244aa62e18633f06f3,
        type: 3}
      propertyPath: m_LocalEulerAnglesHint.z
      value: 0
      objectReference: {fileID: 0}
    - target: {fileID: 5203207158948907475, guid: d3b76fd51c22be244aa62e18633f06f3,
        type: 3}
      propertyPath: m_Name
      value: CargoPiece
      objectReference: {fileID: 0}
    - target: {fileID: 519822908307609616, guid: d3b76fd51c22be244aa62e18633f06f3,
        type: 3}
      propertyPath: m_SpriteTilingProperty.pivot.x
      value: 0.5
      objectReference: {fileID: 0}
    - target: {fileID: 519822908307609616, guid: d3b76fd51c22be244aa62e18633f06f3,
        type: 3}
      propertyPath: m_SpriteTilingProperty.pivot.y
      value: 0.5
      objectReference: {fileID: 0}
    - target: {fileID: 519822908307609616, guid: d3b76fd51c22be244aa62e18633f06f3,
        type: 3}
      propertyPath: m_SpriteTilingProperty.oldSize.x
      value: 1
      objectReference: {fileID: 0}
    - target: {fileID: 519822908307609616, guid: d3b76fd51c22be244aa62e18633f06f3,
        type: 3}
      propertyPath: m_SpriteTilingProperty.oldSize.y
      value: 1
      objectReference: {fileID: 0}
    - target: {fileID: 519822908307609616, guid: d3b76fd51c22be244aa62e18633f06f3,
        type: 3}
      propertyPath: m_SpriteTilingProperty.newSize.x
      value: 1
      objectReference: {fileID: 0}
    - target: {fileID: 519822908307609616, guid: d3b76fd51c22be244aa62e18633f06f3,
        type: 3}
      propertyPath: m_SpriteTilingProperty.newSize.y
      value: 1
      objectReference: {fileID: 0}
    - target: {fileID: 519822908307609616, guid: d3b76fd51c22be244aa62e18633f06f3,
        type: 3}
      propertyPath: m_SpriteTilingProperty.adaptiveTilingThreshold
      value: 0.5
      objectReference: {fileID: 0}
    - target: {fileID: 8244454415474032096, guid: d3b76fd51c22be244aa62e18633f06f3,
        type: 3}
      propertyPath: m_Sprite
      value: 
      objectReference: {fileID: 21300010, guid: cf4a765cc32b7284785d0227c5cf9dbc,
        type: 3}
    - target: {fileID: 8244454415474032096, guid: d3b76fd51c22be244aa62e18633f06f3,
        type: 3}
      propertyPath: m_WasSpriteAssigned
      value: 1
      objectReference: {fileID: 0}
    m_RemovedComponents: []
  m_SourcePrefab: {fileID: 100100000, guid: d3b76fd51c22be244aa62e18633f06f3, type: 3}
--- !u!1001 &5367831866324532963
PrefabInstance:
  m_ObjectHideFlags: 0
  m_Modification:
    m_TransformParent: {fileID: 8961668564382763649}
    m_Modifications:
    - target: {fileID: 7447270659875150540, guid: d3b76fd51c22be244aa62e18633f06f3,
        type: 3}
      propertyPath: m_LocalPosition.x
      value: -1.5
      objectReference: {fileID: 0}
    - target: {fileID: 7447270659875150540, guid: d3b76fd51c22be244aa62e18633f06f3,
        type: 3}
      propertyPath: m_LocalPosition.y
      value: 1.5
      objectReference: {fileID: 0}
    - target: {fileID: 7447270659875150540, guid: d3b76fd51c22be244aa62e18633f06f3,
        type: 3}
      propertyPath: m_LocalPosition.z
      value: 0
      objectReference: {fileID: 0}
    - target: {fileID: 7447270659875150540, guid: d3b76fd51c22be244aa62e18633f06f3,
        type: 3}
      propertyPath: m_LocalRotation.x
      value: -0
      objectReference: {fileID: 0}
    - target: {fileID: 7447270659875150540, guid: d3b76fd51c22be244aa62e18633f06f3,
        type: 3}
      propertyPath: m_LocalRotation.y
      value: -0
      objectReference: {fileID: 0}
    - target: {fileID: 7447270659875150540, guid: d3b76fd51c22be244aa62e18633f06f3,
        type: 3}
      propertyPath: m_LocalRotation.z
      value: 1
      objectReference: {fileID: 0}
    - target: {fileID: 7447270659875150540, guid: d3b76fd51c22be244aa62e18633f06f3,
        type: 3}
      propertyPath: m_LocalRotation.w
      value: 0
      objectReference: {fileID: 0}
    - target: {fileID: 7447270659875150540, guid: d3b76fd51c22be244aa62e18633f06f3,
        type: 3}
      propertyPath: m_RootOrder
      value: 2
      objectReference: {fileID: 0}
    - target: {fileID: 7447270659875150540, guid: d3b76fd51c22be244aa62e18633f06f3,
        type: 3}
      propertyPath: m_LocalEulerAnglesHint.x
      value: 0
      objectReference: {fileID: 0}
    - target: {fileID: 7447270659875150540, guid: d3b76fd51c22be244aa62e18633f06f3,
        type: 3}
      propertyPath: m_LocalEulerAnglesHint.y
      value: 0
      objectReference: {fileID: 0}
    - target: {fileID: 7447270659875150540, guid: d3b76fd51c22be244aa62e18633f06f3,
        type: 3}
      propertyPath: m_LocalEulerAnglesHint.z
      value: 0
      objectReference: {fileID: 0}
    - target: {fileID: 5203207158948907475, guid: d3b76fd51c22be244aa62e18633f06f3,
        type: 3}
      propertyPath: m_Name
      value: CargoPiece
      objectReference: {fileID: 0}
    - target: {fileID: 8244454415474032096, guid: d3b76fd51c22be244aa62e18633f06f3,
        type: 3}
      propertyPath: m_Sprite
      value: 
      objectReference: {fileID: 21300002, guid: cf4a765cc32b7284785d0227c5cf9dbc,
        type: 3}
    - target: {fileID: 8244454415474032096, guid: d3b76fd51c22be244aa62e18633f06f3,
        type: 3}
      propertyPath: m_WasSpriteAssigned
      value: 1
      objectReference: {fileID: 0}
    - target: {fileID: 519822908307609616, guid: d3b76fd51c22be244aa62e18633f06f3,
        type: 3}
      propertyPath: m_SpriteTilingProperty.pivot.x
      value: 0.5
      objectReference: {fileID: 0}
    - target: {fileID: 519822908307609616, guid: d3b76fd51c22be244aa62e18633f06f3,
        type: 3}
      propertyPath: m_SpriteTilingProperty.pivot.y
      value: 0.5
      objectReference: {fileID: 0}
    - target: {fileID: 519822908307609616, guid: d3b76fd51c22be244aa62e18633f06f3,
        type: 3}
      propertyPath: m_SpriteTilingProperty.oldSize.x
      value: 1
      objectReference: {fileID: 0}
    - target: {fileID: 519822908307609616, guid: d3b76fd51c22be244aa62e18633f06f3,
        type: 3}
      propertyPath: m_SpriteTilingProperty.oldSize.y
      value: 1
      objectReference: {fileID: 0}
    - target: {fileID: 519822908307609616, guid: d3b76fd51c22be244aa62e18633f06f3,
        type: 3}
      propertyPath: m_SpriteTilingProperty.newSize.x
      value: 1
      objectReference: {fileID: 0}
    - target: {fileID: 519822908307609616, guid: d3b76fd51c22be244aa62e18633f06f3,
        type: 3}
      propertyPath: m_SpriteTilingProperty.newSize.y
      value: 1
      objectReference: {fileID: 0}
    - target: {fileID: 519822908307609616, guid: d3b76fd51c22be244aa62e18633f06f3,
        type: 3}
      propertyPath: m_SpriteTilingProperty.adaptiveTilingThreshold
      value: 0.5
      objectReference: {fileID: 0}
    m_RemovedComponents: []
  m_SourcePrefab: {fileID: 100100000, guid: d3b76fd51c22be244aa62e18633f06f3, type: 3}
--- !u!1001 &5667905329988665180
PrefabInstance:
  m_ObjectHideFlags: 0
  m_Modification:
    m_TransformParent: {fileID: 8961668564382763649}
    m_Modifications:
    - target: {fileID: 7447270659875150540, guid: d3b76fd51c22be244aa62e18633f06f3,
        type: 3}
      propertyPath: m_LocalPosition.x
      value: 0.5
      objectReference: {fileID: 0}
    - target: {fileID: 7447270659875150540, guid: d3b76fd51c22be244aa62e18633f06f3,
        type: 3}
      propertyPath: m_LocalPosition.y
      value: -0.5
      objectReference: {fileID: 0}
    - target: {fileID: 7447270659875150540, guid: d3b76fd51c22be244aa62e18633f06f3,
        type: 3}
      propertyPath: m_LocalPosition.z
      value: 0
      objectReference: {fileID: 0}
    - target: {fileID: 7447270659875150540, guid: d3b76fd51c22be244aa62e18633f06f3,
        type: 3}
      propertyPath: m_LocalRotation.x
      value: -0
      objectReference: {fileID: 0}
    - target: {fileID: 7447270659875150540, guid: d3b76fd51c22be244aa62e18633f06f3,
        type: 3}
      propertyPath: m_LocalRotation.y
      value: -0
      objectReference: {fileID: 0}
    - target: {fileID: 7447270659875150540, guid: d3b76fd51c22be244aa62e18633f06f3,
        type: 3}
      propertyPath: m_LocalRotation.z
      value: 1
      objectReference: {fileID: 0}
    - target: {fileID: 7447270659875150540, guid: d3b76fd51c22be244aa62e18633f06f3,
        type: 3}
      propertyPath: m_LocalRotation.w
      value: 0
      objectReference: {fileID: 0}
    - target: {fileID: 7447270659875150540, guid: d3b76fd51c22be244aa62e18633f06f3,
        type: 3}
      propertyPath: m_RootOrder
      value: 6
      objectReference: {fileID: 0}
    - target: {fileID: 7447270659875150540, guid: d3b76fd51c22be244aa62e18633f06f3,
        type: 3}
      propertyPath: m_LocalEulerAnglesHint.x
      value: 0
      objectReference: {fileID: 0}
    - target: {fileID: 7447270659875150540, guid: d3b76fd51c22be244aa62e18633f06f3,
        type: 3}
      propertyPath: m_LocalEulerAnglesHint.y
      value: 0
      objectReference: {fileID: 0}
    - target: {fileID: 7447270659875150540, guid: d3b76fd51c22be244aa62e18633f06f3,
        type: 3}
      propertyPath: m_LocalEulerAnglesHint.z
      value: 0
      objectReference: {fileID: 0}
    - target: {fileID: 5203207158948907475, guid: d3b76fd51c22be244aa62e18633f06f3,
        type: 3}
      propertyPath: m_Name
      value: CargoPiece
      objectReference: {fileID: 0}
    - target: {fileID: 519822908307609616, guid: d3b76fd51c22be244aa62e18633f06f3,
        type: 3}
      propertyPath: m_SpriteTilingProperty.pivot.x
      value: 0.5
      objectReference: {fileID: 0}
    - target: {fileID: 519822908307609616, guid: d3b76fd51c22be244aa62e18633f06f3,
        type: 3}
      propertyPath: m_SpriteTilingProperty.pivot.y
      value: 0.5
      objectReference: {fileID: 0}
    - target: {fileID: 519822908307609616, guid: d3b76fd51c22be244aa62e18633f06f3,
        type: 3}
      propertyPath: m_SpriteTilingProperty.oldSize.x
      value: 1
      objectReference: {fileID: 0}
    - target: {fileID: 519822908307609616, guid: d3b76fd51c22be244aa62e18633f06f3,
        type: 3}
      propertyPath: m_SpriteTilingProperty.oldSize.y
      value: 1
      objectReference: {fileID: 0}
    - target: {fileID: 519822908307609616, guid: d3b76fd51c22be244aa62e18633f06f3,
        type: 3}
      propertyPath: m_SpriteTilingProperty.newSize.x
      value: 1
      objectReference: {fileID: 0}
    - target: {fileID: 519822908307609616, guid: d3b76fd51c22be244aa62e18633f06f3,
        type: 3}
      propertyPath: m_SpriteTilingProperty.newSize.y
      value: 1
      objectReference: {fileID: 0}
    - target: {fileID: 519822908307609616, guid: d3b76fd51c22be244aa62e18633f06f3,
        type: 3}
      propertyPath: m_SpriteTilingProperty.adaptiveTilingThreshold
      value: 0.5
      objectReference: {fileID: 0}
    - target: {fileID: 8244454415474032096, guid: d3b76fd51c22be244aa62e18633f06f3,
        type: 3}
      propertyPath: m_Sprite
      value: 
      objectReference: {fileID: 21300004, guid: cf4a765cc32b7284785d0227c5cf9dbc,
        type: 3}
    - target: {fileID: 8244454415474032096, guid: d3b76fd51c22be244aa62e18633f06f3,
        type: 3}
      propertyPath: m_WasSpriteAssigned
      value: 1
      objectReference: {fileID: 0}
    m_RemovedComponents: []
  m_SourcePrefab: {fileID: 100100000, guid: d3b76fd51c22be244aa62e18633f06f3, type: 3}
--- !u!1001 &6176360967203011862
PrefabInstance:
  m_ObjectHideFlags: 0
  m_Modification:
    m_TransformParent: {fileID: 8961668564382763649}
    m_Modifications:
    - target: {fileID: 7447270659875150540, guid: d3b76fd51c22be244aa62e18633f06f3,
        type: 3}
      propertyPath: m_LocalPosition.x
      value: 0.5
      objectReference: {fileID: 0}
    - target: {fileID: 7447270659875150540, guid: d3b76fd51c22be244aa62e18633f06f3,
        type: 3}
      propertyPath: m_LocalPosition.y
      value: 0.5
      objectReference: {fileID: 0}
    - target: {fileID: 7447270659875150540, guid: d3b76fd51c22be244aa62e18633f06f3,
        type: 3}
      propertyPath: m_LocalPosition.z
      value: 0
      objectReference: {fileID: 0}
    - target: {fileID: 7447270659875150540, guid: d3b76fd51c22be244aa62e18633f06f3,
        type: 3}
      propertyPath: m_LocalRotation.x
      value: -0
      objectReference: {fileID: 0}
    - target: {fileID: 7447270659875150540, guid: d3b76fd51c22be244aa62e18633f06f3,
        type: 3}
      propertyPath: m_LocalRotation.y
      value: -0
      objectReference: {fileID: 0}
    - target: {fileID: 7447270659875150540, guid: d3b76fd51c22be244aa62e18633f06f3,
        type: 3}
      propertyPath: m_LocalRotation.z
      value: -0
      objectReference: {fileID: 0}
    - target: {fileID: 7447270659875150540, guid: d3b76fd51c22be244aa62e18633f06f3,
        type: 3}
      propertyPath: m_LocalRotation.w
      value: 1
      objectReference: {fileID: 0}
    - target: {fileID: 7447270659875150540, guid: d3b76fd51c22be244aa62e18633f06f3,
        type: 3}
      propertyPath: m_RootOrder
      value: 7
      objectReference: {fileID: 0}
    - target: {fileID: 7447270659875150540, guid: d3b76fd51c22be244aa62e18633f06f3,
        type: 3}
      propertyPath: m_LocalEulerAnglesHint.x
      value: 0
      objectReference: {fileID: 0}
    - target: {fileID: 7447270659875150540, guid: d3b76fd51c22be244aa62e18633f06f3,
        type: 3}
      propertyPath: m_LocalEulerAnglesHint.y
      value: 0
      objectReference: {fileID: 0}
    - target: {fileID: 7447270659875150540, guid: d3b76fd51c22be244aa62e18633f06f3,
        type: 3}
      propertyPath: m_LocalEulerAnglesHint.z
      value: 0
      objectReference: {fileID: 0}
    - target: {fileID: 5203207158948907475, guid: d3b76fd51c22be244aa62e18633f06f3,
        type: 3}
      propertyPath: m_Name
      value: CargoPiece
      objectReference: {fileID: 0}
    - target: {fileID: 519822908307609616, guid: d3b76fd51c22be244aa62e18633f06f3,
        type: 3}
      propertyPath: m_SpriteTilingProperty.pivot.x
      value: 0.5
      objectReference: {fileID: 0}
    - target: {fileID: 519822908307609616, guid: d3b76fd51c22be244aa62e18633f06f3,
        type: 3}
      propertyPath: m_SpriteTilingProperty.pivot.y
      value: 0.5
      objectReference: {fileID: 0}
    - target: {fileID: 519822908307609616, guid: d3b76fd51c22be244aa62e18633f06f3,
        type: 3}
      propertyPath: m_SpriteTilingProperty.oldSize.x
      value: 1
      objectReference: {fileID: 0}
    - target: {fileID: 519822908307609616, guid: d3b76fd51c22be244aa62e18633f06f3,
        type: 3}
      propertyPath: m_SpriteTilingProperty.oldSize.y
      value: 1
      objectReference: {fileID: 0}
    - target: {fileID: 519822908307609616, guid: d3b76fd51c22be244aa62e18633f06f3,
        type: 3}
      propertyPath: m_SpriteTilingProperty.newSize.x
      value: 1
      objectReference: {fileID: 0}
    - target: {fileID: 519822908307609616, guid: d3b76fd51c22be244aa62e18633f06f3,
        type: 3}
      propertyPath: m_SpriteTilingProperty.newSize.y
      value: 1
      objectReference: {fileID: 0}
    - target: {fileID: 519822908307609616, guid: d3b76fd51c22be244aa62e18633f06f3,
        type: 3}
      propertyPath: m_SpriteTilingProperty.adaptiveTilingThreshold
      value: 0.5
      objectReference: {fileID: 0}
    - target: {fileID: 8244454415474032096, guid: d3b76fd51c22be244aa62e18633f06f3,
        type: 3}
      propertyPath: m_Sprite
      value: 
      objectReference: {fileID: 21300010, guid: cf4a765cc32b7284785d0227c5cf9dbc,
        type: 3}
    - target: {fileID: 8244454415474032096, guid: d3b76fd51c22be244aa62e18633f06f3,
        type: 3}
      propertyPath: m_WasSpriteAssigned
      value: 1
      objectReference: {fileID: 0}
    m_RemovedComponents: []
  m_SourcePrefab: {fileID: 100100000, guid: d3b76fd51c22be244aa62e18633f06f3, type: 3}
--- !u!1001 &6620641972567809843
PrefabInstance:
  m_ObjectHideFlags: 0
  m_Modification:
    m_TransformParent: {fileID: 8961668564382763649}
    m_Modifications:
    - target: {fileID: 7447270659875150540, guid: d3b76fd51c22be244aa62e18633f06f3,
        type: 3}
      propertyPath: m_LocalPosition.x
      value: -0.5
      objectReference: {fileID: 0}
    - target: {fileID: 7447270659875150540, guid: d3b76fd51c22be244aa62e18633f06f3,
        type: 3}
      propertyPath: m_LocalPosition.y
      value: -0.5
      objectReference: {fileID: 0}
    - target: {fileID: 7447270659875150540, guid: d3b76fd51c22be244aa62e18633f06f3,
        type: 3}
      propertyPath: m_LocalPosition.z
      value: 0
      objectReference: {fileID: 0}
    - target: {fileID: 7447270659875150540, guid: d3b76fd51c22be244aa62e18633f06f3,
        type: 3}
      propertyPath: m_LocalRotation.x
      value: -0
      objectReference: {fileID: 0}
    - target: {fileID: 7447270659875150540, guid: d3b76fd51c22be244aa62e18633f06f3,
        type: 3}
      propertyPath: m_LocalRotation.y
      value: -0
      objectReference: {fileID: 0}
    - target: {fileID: 7447270659875150540, guid: d3b76fd51c22be244aa62e18633f06f3,
        type: 3}
      propertyPath: m_LocalRotation.z
      value: -0
      objectReference: {fileID: 0}
    - target: {fileID: 7447270659875150540, guid: d3b76fd51c22be244aa62e18633f06f3,
        type: 3}
      propertyPath: m_LocalRotation.w
      value: 1
      objectReference: {fileID: 0}
    - target: {fileID: 7447270659875150540, guid: d3b76fd51c22be244aa62e18633f06f3,
        type: 3}
      propertyPath: m_RootOrder
      value: 5
      objectReference: {fileID: 0}
    - target: {fileID: 7447270659875150540, guid: d3b76fd51c22be244aa62e18633f06f3,
        type: 3}
      propertyPath: m_LocalEulerAnglesHint.x
      value: 0
      objectReference: {fileID: 0}
    - target: {fileID: 7447270659875150540, guid: d3b76fd51c22be244aa62e18633f06f3,
        type: 3}
      propertyPath: m_LocalEulerAnglesHint.y
      value: 0
      objectReference: {fileID: 0}
    - target: {fileID: 7447270659875150540, guid: d3b76fd51c22be244aa62e18633f06f3,
        type: 3}
      propertyPath: m_LocalEulerAnglesHint.z
      value: 0
      objectReference: {fileID: 0}
    - target: {fileID: 5203207158948907475, guid: d3b76fd51c22be244aa62e18633f06f3,
        type: 3}
      propertyPath: m_Name
      value: CargoPiece
      objectReference: {fileID: 0}
    - target: {fileID: 519822908307609616, guid: d3b76fd51c22be244aa62e18633f06f3,
        type: 3}
      propertyPath: m_SpriteTilingProperty.pivot.x
      value: 0.5
      objectReference: {fileID: 0}
    - target: {fileID: 519822908307609616, guid: d3b76fd51c22be244aa62e18633f06f3,
        type: 3}
      propertyPath: m_SpriteTilingProperty.pivot.y
      value: 0.5
      objectReference: {fileID: 0}
    - target: {fileID: 519822908307609616, guid: d3b76fd51c22be244aa62e18633f06f3,
        type: 3}
      propertyPath: m_SpriteTilingProperty.oldSize.x
      value: 1
      objectReference: {fileID: 0}
    - target: {fileID: 519822908307609616, guid: d3b76fd51c22be244aa62e18633f06f3,
        type: 3}
      propertyPath: m_SpriteTilingProperty.oldSize.y
      value: 1
      objectReference: {fileID: 0}
    - target: {fileID: 519822908307609616, guid: d3b76fd51c22be244aa62e18633f06f3,
        type: 3}
      propertyPath: m_SpriteTilingProperty.newSize.x
      value: 1
      objectReference: {fileID: 0}
    - target: {fileID: 519822908307609616, guid: d3b76fd51c22be244aa62e18633f06f3,
        type: 3}
      propertyPath: m_SpriteTilingProperty.newSize.y
      value: 1
      objectReference: {fileID: 0}
    - target: {fileID: 519822908307609616, guid: d3b76fd51c22be244aa62e18633f06f3,
        type: 3}
      propertyPath: m_SpriteTilingProperty.adaptiveTilingThreshold
      value: 0.5
      objectReference: {fileID: 0}
    - target: {fileID: 8244454415474032096, guid: d3b76fd51c22be244aa62e18633f06f3,
        type: 3}
      propertyPath: m_Sprite
      value: 
      objectReference: {fileID: 21300006, guid: cf4a765cc32b7284785d0227c5cf9dbc,
        type: 3}
    - target: {fileID: 8244454415474032096, guid: d3b76fd51c22be244aa62e18633f06f3,
        type: 3}
      propertyPath: m_WasSpriteAssigned
      value: 1
      objectReference: {fileID: 0}
    m_RemovedComponents: []
  m_SourcePrefab: {fileID: 100100000, guid: d3b76fd51c22be244aa62e18633f06f3, type: 3}
--- !u!1001 &9035767936231887017
PrefabInstance:
  m_ObjectHideFlags: 0
  m_Modification:
    m_TransformParent: {fileID: 8961668564382763649}
    m_Modifications:
    - target: {fileID: 7447270659875150540, guid: d3b76fd51c22be244aa62e18633f06f3,
        type: 3}
      propertyPath: m_LocalPosition.x
      value: -0.5
      objectReference: {fileID: 0}
    - target: {fileID: 7447270659875150540, guid: d3b76fd51c22be244aa62e18633f06f3,
        type: 3}
      propertyPath: m_LocalPosition.y
      value: -1.5
      objectReference: {fileID: 0}
    - target: {fileID: 7447270659875150540, guid: d3b76fd51c22be244aa62e18633f06f3,
        type: 3}
      propertyPath: m_LocalPosition.z
      value: 0
      objectReference: {fileID: 0}
    - target: {fileID: 7447270659875150540, guid: d3b76fd51c22be244aa62e18633f06f3,
        type: 3}
      propertyPath: m_LocalRotation.x
      value: -0
      objectReference: {fileID: 0}
    - target: {fileID: 7447270659875150540, guid: d3b76fd51c22be244aa62e18633f06f3,
        type: 3}
      propertyPath: m_LocalRotation.y
      value: -0
      objectReference: {fileID: 0}
    - target: {fileID: 7447270659875150540, guid: d3b76fd51c22be244aa62e18633f06f3,
        type: 3}
      propertyPath: m_LocalRotation.z
      value: -0
      objectReference: {fileID: 0}
    - target: {fileID: 7447270659875150540, guid: d3b76fd51c22be244aa62e18633f06f3,
        type: 3}
      propertyPath: m_LocalRotation.w
      value: 1
      objectReference: {fileID: 0}
    - target: {fileID: 7447270659875150540, guid: d3b76fd51c22be244aa62e18633f06f3,
        type: 3}
      propertyPath: m_RootOrder
      value: 4
      objectReference: {fileID: 0}
    - target: {fileID: 7447270659875150540, guid: d3b76fd51c22be244aa62e18633f06f3,
        type: 3}
      propertyPath: m_LocalEulerAnglesHint.x
      value: 0
      objectReference: {fileID: 0}
    - target: {fileID: 7447270659875150540, guid: d3b76fd51c22be244aa62e18633f06f3,
        type: 3}
      propertyPath: m_LocalEulerAnglesHint.y
      value: 0
      objectReference: {fileID: 0}
    - target: {fileID: 7447270659875150540, guid: d3b76fd51c22be244aa62e18633f06f3,
        type: 3}
      propertyPath: m_LocalEulerAnglesHint.z
      value: 0
      objectReference: {fileID: 0}
    - target: {fileID: 5203207158948907475, guid: d3b76fd51c22be244aa62e18633f06f3,
        type: 3}
      propertyPath: m_Name
      value: CargoPiece
      objectReference: {fileID: 0}
    - target: {fileID: 8244454415474032096, guid: d3b76fd51c22be244aa62e18633f06f3,
        type: 3}
      propertyPath: m_Sprite
      value: 
      objectReference: {fileID: 21300010, guid: cf4a765cc32b7284785d0227c5cf9dbc,
        type: 3}
    - target: {fileID: 8244454415474032096, guid: d3b76fd51c22be244aa62e18633f06f3,
        type: 3}
      propertyPath: m_WasSpriteAssigned
      value: 1
      objectReference: {fileID: 0}
    - target: {fileID: 519822908307609616, guid: d3b76fd51c22be244aa62e18633f06f3,
        type: 3}
      propertyPath: m_SpriteTilingProperty.pivot.x
      value: 0.5
      objectReference: {fileID: 0}
    - target: {fileID: 519822908307609616, guid: d3b76fd51c22be244aa62e18633f06f3,
        type: 3}
      propertyPath: m_SpriteTilingProperty.pivot.y
      value: 0.5
      objectReference: {fileID: 0}
    - target: {fileID: 519822908307609616, guid: d3b76fd51c22be244aa62e18633f06f3,
        type: 3}
      propertyPath: m_SpriteTilingProperty.oldSize.x
      value: 1
      objectReference: {fileID: 0}
    - target: {fileID: 519822908307609616, guid: d3b76fd51c22be244aa62e18633f06f3,
        type: 3}
      propertyPath: m_SpriteTilingProperty.oldSize.y
      value: 1
      objectReference: {fileID: 0}
    - target: {fileID: 519822908307609616, guid: d3b76fd51c22be244aa62e18633f06f3,
        type: 3}
      propertyPath: m_SpriteTilingProperty.newSize.x
      value: 1
      objectReference: {fileID: 0}
    - target: {fileID: 519822908307609616, guid: d3b76fd51c22be244aa62e18633f06f3,
        type: 3}
      propertyPath: m_SpriteTilingProperty.newSize.y
      value: 1
      objectReference: {fileID: 0}
    - target: {fileID: 519822908307609616, guid: d3b76fd51c22be244aa62e18633f06f3,
        type: 3}
      propertyPath: m_SpriteTilingProperty.adaptiveTilingThreshold
      value: 0.5
      objectReference: {fileID: 0}
    m_RemovedComponents: []
  m_SourcePrefab: {fileID: 100100000, guid: d3b76fd51c22be244aa62e18633f06f3, type: 3}
